@misc {
  mathworld,
  author = "Weisstein, Eric W.",
  title = "Hypersphere",
  howpublished = {\url{"http://mathworld.wolfram.com/Hypersphere.html"}},
}
@book {
  calcbk,
  author = "James Stewart",
  title = "Essential Calculus, Early Transcendentals",
  year = 2007
}